3384 5034
691 206 812 256 tnntcln
829 204 980 254 ΜΕΝ]

509 448 605 524 Haec
628 447 759 547 judicia
783 445 989 522 Wlemarus
1017 444 1173 522 dictavit.

278 607 307 675 1.
331 607 364 674 Si
387 621 489 674 contra
512 606 693 675 stomachum
709 610 815 676 vulnus
838 580 982 673 factun'¹
1004 607 1100 672 claudi
1121 629 1182 670 non
1200 607 1344 694 potuerit,
1370 601 1410 669 12
1427 604 1496 702 soli·

189 726 242 792 dos
265 746 320 813 pro
342 729 407 813 ipsa
430 728 579 813 apertione
603 737 760 814 conponat.
829 725 859 790 2.
885 723 920 790 si
943 727 1005 812 ipsc
1027 722 1195 789 stomachus
1218 721 1385 810 perforatus
1408 719 1496 786 fucrit

188 841 240 908 nco
268 835 375 908 vulnus
411 841 619 908 medicamento
649 842 745 908 claudi
766 823 919 929 potuerit,
954 863 1009 928 pro
1039 838 1168 906 vulneris
1197 841 1346 926 apertione
1360 838 1496 903 'totidem

160 959 300 1024 ssolidos
323 971 472 1045 conponat
494 952 609 1046 quod²¹
630 982 684 1046 pro
709 962 774 1048 ipso
798 960 918 1024 vulnero
940 961 1107 1046 conposuit.
1176 955 1206 1022 3.
1235 955 1269 1021 Si
1292 957 1428 1031 intestina
1450 955 1497 1020 vol

187 1076 288 1141 botelli
310 1075 451 1163 perforati
474 1074 570 1140 cisudi
592 1097 652 1140 non
675 1079 839 1164 potuerint,
868 1075 1000 1140 similitor
1021 1074 1123 1152 faciat,
1152 1073 1228 1139 idest
1249 1073 1373 1137 totidem
1394 1071 1496 1137 solidis

188 1194 368 1280 apertionem
398 1192 551 1257 vulnerum
585 1206 748 1282 conponat,
785 1186 900 1281 quod¹'
932 1213 987 1280 pro
1021 1193 1093 1278 ipsis
1122 1189 1293 1255 vulneribus
1328 1191 1494 1276 conposuit.

187 1307 217 1375 4.
242 1308 275 1375 Si
298 1321 422 1396 utraque
447 1331 522 1373 coxa
545 1307 623 1374 forro
645 1311 693 1376 vol
716 1309 849 1399 quolibet
869 1309 928 1374 tclo
951 1309 1074 1394 trajecto
1097 1299 1234 1384 sucrit‚”
1256 1304 1404 1372 6solidos
1426 1328 1497 1371 con·

113 1417 115 1425 '
187 1439 287 1514 ponat.
349 1424 379 1490 5.
404 1423 438 1490 Si
452 1424 598 1490 folliculus
614 1427 816 1492 testiculorum
831 1432 898 1491 cum
914 1447 1004 1502 coxa,
1029 1422 1177 1490 9soiidos
1193 1437 1350 1511 conponat.
1408 1421 1438 1488 6.
1458 1421 1496 1488 -Si

144 1555 313 1630 contraque
335 1542 410 1607 coxa
432 1565 499 1608 cum
521 1543 667 1635 testiculis}
685 1542 793 1608 rucrint
813 1541 977 1631 perforata,
1003 1539 1043 1607 15
1060 1540 1171 1605 solidos
1190 1552 1347 1628 conponst.
1408 1539 1439 1605 7.
1463 1537 1496 1605 Si
1524 1562 1526 1573 ’

187 1662 252 1749 quis
275 1661 363 1724 alium
385 1660 416 1723 in
439 1658 511 1725 sacis
533 1663 710 1748 percusserit
731 1673 765 1725 ut
787 1661 890 1725 oculus
911 1660 959 1724 vel
980 1681 1014 1724 os
1036 1670 1224 1745 torqueatur,
1247 1655 1271 1722 4
1292 1655 1403 1722 solidos
1426 1641 1496 1720 con·

186 1789 288 1864 pontt.
349 1775 379 1841 8.
403 1774 436 1841 Si
460 1778 525 1864 quis
548 1777 636 1841 aliurn
658 1779 689 1841 in
711 1777 832 1842 brachio
847 1776 894 1842 vci
916 1779 946 1840 in
969 1797 1053 1840 crurc
1074 1776 1253 1862 percusserit
1274 1788 1309 1840 ut
1329 1776 1393 1862 ipsc
1407 1795 1496 1838 mom-

80 1945 82 1950 .
187 1890 241 1958 bra
265 1892 442 1958 decrescant
456 1905 485 1958 ct
506 1895 548 1957 ita
570 1893 658 1958 fucrit
680 1893 877 1970 subtiliatum,
901 1886 969 1957 ut¹⁴
991 1891 1066 1956 duos
1082 1890 1190 1980 digitos
1206 1894 1367 1968 minuatur,
1390 1888 1497 1955 dsoli·

188 2008 242 2073 dos
265 2023 424 2096 conponat.
460 2012 485 2074 si
507 2031 612 2087 unum,
636 2009 658 2074 2
681 2010 802 2076 solidos.
837 2011 862 2076 si
886 2009 996 2097 digitus
1019 2007 1171 2086 dimidius,
1196 2006 1331 2072 solidum.
1366 2010 1391 2072 si
1414 2019 1497 2072 sexta

144 2153 171 2192 rs
186 2147 255 2213 pars
285 2126 368 2214 digiti
398 2137 455 2202 cst,
484 2149 576 2194 unum
602 2130 772 2194 tremissem.
848 2125 879 2195 9.
914 2126 1187 2213 Quihorpntorcm
1216 2127 1359 2213 quicum
1388 2124 1495 2188 circulo
1602 2164 1608 2173 -

186 2242 312 2330 hsrparc
333 2255 433 2329 potest
453 2239 484 2307 in
507 2266 624 2310 manum
647 2247 840 2332 percusserit,
863 2255 1013 2329 conponat
1035 2236 1140 2307 ittud¹⁸
1162 2255 1267 2330 quarto
1288 2254 1371 2329 parto
1393 2241 1496 2325 majori

158 2409 159 2418 ,
188 2360 390 2446 conpositione
413 2382 501 2448 quarn
523 2335 606 2456 alteri
629 2361 758 2447 ejusdcm
782 2360 959 2426 conditionis
982 2359 1102 2424 homini.
1168 2357 1217 2424 10.
1241 2350 1398 2424 Aurifici'⁸
1419 2359 1496 2420 sirni-

92 2455 96 2462 ’
186 2474 259 2540 liter.
304 2471 474 2542 chinac”
493 2476 602 2560 [rosum
624 2470 775 2544 facienti'⁸
796 2477 940 2543 similitor.

125 2612 142 2629 κ
226 2659 259 2727 ”)
283 2661 330 2713 ΰῑῑῑ
348 2665 373 2714 e't
391 2657 474 2720 addit
492 2623 516 2716 d.
663 2662 697 2733 Η)
720 2661 768 2717 sub
786 2659 812 2717 2.
1030 2679 1032 2681 '
1101 2660 1135 2729 ¹0)
1158 2625 1273 2714 aurifices
1291 2687 1324 2699 —
1342 2620 1449 2713 feminco
1462 2687 1496 2698 -

225 2747 259 2816 ¹⁸)
282 2758 346 2820 quot
362 2747 387 2804 3·
662 2752 695 2819 ²¹)
718 2750 790 2806 iilum
808 2749 833 2806 3.
1060 2747 1179 2803 iacientes
1197 2745 1222 2802 3.

224 2839 258 2906 ⁸¹)
279 2837 383 2909 tch‘ccts
400 2837 496 2894 fucrint
512 2837 539 2894 3.
