3384 5034
189 195 237 269 10
442 250 445 260 .
699 215 992 278 crusnauoonnu'

184 391 330 454 hominem
345 389 541 482 vulneraverit
557 391 604 456 vel
627 391 781 471 occiderit,
807 395 1040 481 conpositionem
1062 386 1224 484 legitimam
1238 397 1344 462 solvat.
1405 394 1435 460 7.
1459 392 1493 463 st

183 505 351 595 quadrupes
373 505 509 572 damnum
533 508 686 598 quodlibet
708 507 823 587 iecerit,
848 532 1003 597 possessor
1021 533 1077 599 pro
1094 496 1234 602 qualitate
1249 511 1346 578 damni
1360 513 1408 580 vel
1422 535 1493 581 con·

182 625 357 710 positionem
379 625 476 690 solvat
498 625 544 690 vel
566 639 778 691 sacramentum
796 628 886 712 juret.
930 636 938 654 ⁵

537 815 632 915 rr.
677 781 729 894 'ue
756 787 953 894 muamus
980 817 1107 902 ause.
1226 812 1229 816 ·

269 973 416 1063 Quicquid
444 975 532 1042 homo
562 976 645 1041 alteri
667 975 768 1042 iecerit
791 976 873 1065 quod
894 979 1002 1064 injuste
1023 976 1133 1046 iactum
1156 977 1285 1058 dicatur,
1315 977 1359 1046 10
1380 977 1521 1046 solidoss

180 1103 330 1179 conponat
352 1105 491 1169 curcum
515 1091 534 1157 5
555 1093 661 1180 juret*

703 1313 965 1328 m-

269 1557 330 1643 [De
357 1572 505 1648 potestate
533 1556 687 1646 testandi]
732 1559 839 1627 Libero
871 1560 982 1626 homini
1012 1546 1098 1626 liccal
1124 1560 1315 1626 hereditatem
1337 1584 1421 1630 suam
1442 1565 1491 1630 cui

180 1676 307 1742 volucrit
327 1676 451 1742 tradere.

270 1790 331 1876 [De
354 1791 532 1876 veneficiis]
571 1793 604 1860 Si
626 1795 730 1860 mulier
751 1797 887 1860 maritum
901 1794 1041 1859 veneficio
1065 1793 1181 1860 dicatur
1201 1795 1344 1866 occidisse
1358 1798 1405 1863 rel
1420 1797 1489 1864 dolo

179 1911 255 1976 rnalo
278 1910 317 1976 ad
339 1910 530 1979 occidendum
556 1910 737 1999 prodidisse,
768 1914 922 1998 proximus
945 1912 1074 1977 mulieris
1097 1933 1198 2001 campo
1221 1934 1284 1978 cam
1306 1915 1535 1979 innocentem·

178 2025 293 2094 efficiat.
341 2040 391 2092 aut
419 2032 444 2092 si
473 2031 652 2116 campionem
684 2050 744 2093 nou
766 2027 918 2105 babuerit,
948 2031 1012 2116 ipsa
1036 2028 1074 2094 ad
1095 2051 1202 2094 novem
1224 2051 1363 2095 vomeres
1380 2033 1489 2118 ignitos

179 2143 369 2211 examinanda
392 2146 533 2210 mittatur.
1075 2140 1078 2147 ’
1516 2135 1522 2141 ’

266 2257 327 2342 [Dc
356 2257 487 2348 campo]
532 2261 561 2326 A
584 2260 702 2327 duobus
725 2260 826 2326 solidis
851 2282 944 2350 usque
967 2262 1005 2326 ad
1027 2264 1182 2328 maximum
1205 2265 1437 2352 conpositionem
1458 2267 1489 2328 ln

178 2376 257 2443 furto
282 2390 311 2443 et
333 2377 505 2443 vulneribus
528 2400 647 2465 campus
666 2370 863 2464 judicatur.¹'

266 2494 323 2580 Qui
348 2494 466 2560 domum
488 2495 608 2560 alterius
631 2494 753 2562 collecta
775 2504 871 2558 manu
886 2495 1033 2560 hostiliter
1054 2495 1291 2573 circumdederit,
1317 2500 1406 2563 trium
1428 2501 1488 2587 pri·
1506 2517 1533 2556 rs

178 2634 291 2678 morum
320 2615 372 2700 qui
399 2611 508 2676 suerint
530 2613 733 2700 unusquisque
755 2611 868 2676 solidos
891 2608 1121 2700 occoeperat,
1150 2627 1180 2679 et
1201 2617 1244 2678 rei
1266 2615 1406 2681 similiter.
1453 2615 1488 2680 de
1548 2613 1556 2621 ’

105 2733 109 2744 “
177 2733 280 2796 ceteris
310 2733 361 2818 qui
391 2750 441 2794 cos
469 2731 563 2794 secuti
590 2741 676 2804 suut,
707 2727 817 2794 solidos
842 2726 1125 2817 monemusque,
1156 2706 1238 2795 etin
1261 2730 1389 2797 bannum
1411 2735 1488 2822 regis

169 2847 290 2916 solidos
313 2844 365 2913 60.

255 2963 300 3030 .Si
323 2985 426 3030 servus
448 2962 569 3030 liberam
593 2961 729 3028 seminam
750 2965 897 3050 rapuerit,
923 2961 1058 3029 domiuus
1081 2966 1314 3052 conpositionem
1336 2965 1433 3033 solvat
1454 2989 1488 3033 ac

177 3087 202 3149 si
226 3085 322 3149 occisa
345 3079 458 3146 luisset.
1170 3138 1175 3152 .,
1503 3105 1532 3144 se

264 3196 327 3282 [De
350 3196 463 3263 delictis
486 3193 671 3280 servorum]
715 3194 808 3263 Omne
831 3196 972 3262 domnum
1000 3196 1081 3285 quod
1103 3219 1207 3263 servus
1228 3197 1330 3267 iecerit
1352 3199 1486 3267 mminus

176 3317 319 3384 emendet„
1431 3398 1435 3408 Ι

264 3432 327 3518 [De
357 3431 475 3498 animali
500 3431 597 3496 alieno
626 3425 734 3512 laeso]
797 3431 824 3496 l.
856 3430 913 3515 Qui
942 3425 1157 3519 quadmpcia'⁸
1184 3433 1303 3498 alterius
1330 3436 1360 3498 iu
1389 3457 1485 3524 sepem

175 3551 336 3639 cujuslibet
360 3569 413 3615 scu
441 3549 548 3614 fossam
572 3549 730 3612 minaverit·
746 3545 848 3635 ibique
870 3549 918 3612 vel
939 3561 1055 3614 mortua
1077 3548 1186 3614 luerint
1209 3551 1254 3614 vel
1276 3548 1412 3616 damnum
1434 3553 1486 3619 ali·

176 3669 258 3758 quocl
286 3667 483 3756 pertulerint,
508 3670 534 3730 is
564 3668 615 3754 qui
643 3659 709 3732 ca¹⁹
737 3667 861 3730 minavit
888 3663 1025 3731 damnum
1052 3666 1194 3733 emendet„
1269 3667 1300 3734 2.
1335 3669 1368 3735 Si
1396 3670 1484 3738 bomo
1501 3691 1529 3730 ss

176 3787 312 3875 laqueum
334 3784 381 3848 vel
409 3783 541 3870 pedicam
563 3783 610 3848 vel
638 3781 791 3870 quodlibet
819 3782 1081 3848 machinamentum
1110 3783 1148 3848 ad
1177 3784 1334 3872 capiendas
1358 3781 1484 3853 ferasin

176 3903 250 3968 silve
273 3904 406 3990 posuerit
427 3900 527 3988 ibique
549 3919 639 3988 pecus
659 3899 706 3963 vel
722 3899 887 3984 jumentum
911 3899 1030 3964 almrius
1051 3914 1170 3988 captum
1185 3902 1232 3966 vel
1254 3915 1401 3968 mortuum
1424 3903 1485 3969 suc·

178 4025 232 4114 rit,
257 4022 306 4108 qui
328 4019 589 4084 machinamentum
612 4015 681 4082 fecit
704 4014 839 4080 damnum
861 4009 1039 4081 ementem·
1127 4060 1131 4069 ·
1312 4022 1314 4025 ’

703 4236 964 4246 m

219 4561 252 4625 ιι)
271 4555 369 4628 judicat
386 4553 411 4612 3,
642 4555 676 4625 ¹⁸)
697 4549 746 4608 hic
766 4550 831 4624 picis
848 4550 914 4608 libri
932 4549 1023 4626 kpum
1039 4541 1207 4628 '‘Angliorum
1220 4563 1245 4611 et
1256 4555 1420 4612 Werinorum
1432 4553 1484 4612 act

219 4648 253 4717 ¹⁸)
277 4646 448 4719 quadrupedis
463 4645 489 4704 ³.
603 4644 666 4704 23·
689 4642 757 4717 'fin‘
769 4641 941 4717 mmm
954 4642 1024 4715 '‘ill''
1060 4642 1101 4700 dil
1117 4641 1142 4700 3·
1299 4658 1302 4662 ί

220 4738 254 4810 ¹⁸)
277 4755 330 4792 eam
349 4734 373 4792 1.
605 4737 749 4795 Senonum
777 4734 800 4792 i.
846 4733 959 4808 Explicit
983 4733 1026 4789 lex
